@article{Jiric,
  title   = {«Наносемантика» разработала для ЛДПР первый в мире политический алгоритм — нейросеть «Жириновский»},
  author  = {nanosemantics.ai},
  journal = {Nanosemantics Blog},
  year    = {2023},
  url     = {https://nanosemantics.ai/blog/656}
}

@article{AttentionIsAllYouNeed2017,
  author       = {Ashish Vaswani and
                  Noam Shazeer and
                  Niki Parmar and
                  Jakob Uszkoreit and
                  Llion Jones and
                  Aidan N. Gomez and
                  Lukasz Kaiser and
                  Illia Polosukhin},
  title        = {Attention Is All You Need},
  journal      = {CoRR},
  volume       = {abs/1706.03762},
  year         = {2017},
  url          = {http://arxiv.org/abs/1706.03762},
  eprinttype    = {arXiv},
  eprint       = {1706.03762},
  timestamp    = {Sat, 23 Jan 2021 01:20:40 +0100},
  biburl       = {https://dblp.org/rec/journals/corr/VaswaniSPUJGKP17.bib},
  bibsource    = {dblp computer science bibliography, https://dblp.org}
}

@book{Microservices,
  author    = {Richardson, Chris},
  title     = {Microservices Patterns: With examples in Java},
  publisher = {Manning Publications},
  year      = {2018},
  isbn      = {9781617294549}
}

@book{DataIntenciveDesign,
  author    = {Kleppmann, Martin},
  title     = {Designing Data-Intensive Applications: The Big Ideas Behind Reliable, Scalable, and Maintainable Systems},
  publisher = {O'Reilly Media},
  year      = {2017},
  isbn      = {9781449373320}
}

@misc{Fasthtml,
  author       = {Howard, Jeremy},
  title        = {FastHTML: The fastest way to create an HTML app},
  year         = {2024},
  url          = {https://github.com/AnswerDotAI/fasthtml},
  note         = {Accessed: 2025-03-19}
}

@misc{Fastapi,
  author       = {Ramírez, Sebastián},
  title        = {FastAPI: High-performance web framework for building APIs with Python},
  year         = {2018},
  url          = {https://github.com/tiangolo/fastapi},
  note         = {Accessed: 2025-03-19}
}

@misc{ApacheKafka,
  author       = {{Apache Software Foundation}},
  title        = {Apache Kafka},
  howpublished = {\url{https://kafka.apache.org/}},
  note         = {Accessed: 2025-03-19}
}

@inproceedings{HugginFaceTransformersLib,
  title     = {Transformers: State-of-the-Art Natural Language Processing},
  author    = {Wolf, Thomas and Debut, Lysandre and Sanh, Victor and Chaumond, Julien and Delangue, Clément and Moi, Anthony and Cistac, Pierric and Rault, Tim and Louf, Rémi and Funtowicz, Morgan and Davison, Joe and Shleifer, Sam and von Platen, Patrick and Ma, Clara and Jernite, Yacine and Plu, Julien and Xu, Canwen and Le Scao, Teven and Gugger, Sylvain and Drame, Mariama and Lhoest, Quentin and Rush, Alexander M.},
  booktitle = {Proceedings of the 2020 Conference on Empirical Methods in Natural Language Processing: System Demonstrations},
  pages     = {38--45},
  year      = {2020},
  organization = {Association for Computational Linguistics},
  url       = {https://www.aclweb.org/anthology/2020.emnlp-demos.6}
}

@misc{Docker,
  author       = {{Docker, Inc.}},
  title        = {Docker: Accelerated Container Application Development},
  year         = {2023},
  url          = {https://www.docker.com/},
  note         = {Accessed: 2025-03-19}
}

@article{AudioTransformers,
    title = {Transformers and audio detection tasks: An overview},
    journal = {Digital Signal Processing},
    volume = {158},
    pages = {104956},
    year = {2025},
    issn = {1051-2004},
    doi = {https://doi.org/10.1016/j.dsp.2024.104956},
    url = {https://www.sciencedirect.com/science/article/pii/S1051200424005803},
    author = {Khalid Zaman and Kai Li and Melike Sah and Cem Direkoglu and Shogo Okada and Masashi Unoki},
    keywords = {Audio detection, Deepfake audio, Transformers, Spectrograms, convolutional transformers, Pyramid transformers, Conformers, and hybrid transformers},
}

@misc{VisionTransformer,
      title={An Image is Worth 16x16 Words: Transformers for Image Recognition at Scale}, 
      author={Alexey Dosovitskiy and Lucas Beyer and Alexander Kolesnikov and Dirk Weissenborn and Xiaohua Zhai and Thomas Unterthiner and Mostafa Dehghani and Matthias Minderer and Georg Heigold and Sylvain Gelly and Jakob Uszkoreit and Neil Houlsby},
      year={2021},
      eprint={2010.11929},
      archivePrefix={arXiv},
      primaryClass={cs.CV},
      url={https://arxiv.org/abs/2010.11929}, 
}


@article{OriginalGPT,
  title     = {Improving Language Understanding by Generative Pre-Training},
  author    = {Radford, Alec and Narasimhan, Karthik and Salimans, Tim and Sutskever, Ilya},
  journal   = {OpenAI},
  year      = {2018},
  url       = {https://cdn.openai.com/research-covers/language-unsupervised/language_understanding_paper.pdf}
}

@article{Mistral,
  title     = {Mistral NeMo: A 12B Parameter Language Model with 128k Context Length},
  author    = {Mistral AI},
  journal   = {Mistral AI},
  year      = {2024},
  url       = {https://mistral.ai/news/mistral-nemo}
}

@article{Llama,
  title     = {LLaMA: Open and Efficient Foundation Language Models},
  author    = {Touvron, Hugo and Lavril, Thibaut and Izacard, Gautier and Martinet, Xavier and Lachaux, Marie-Anne and Lacroix, Timothée and Rozière, Baptiste and Goyal, Naman and Batra, Awanish and Mazaré, Pierre-Emmanuel and Jegou, Hervé},
  journal   = {arXiv preprint arXiv:2302.13971},
  year      = {2023},
  url       = {https://arxiv.org/abs/2302.13971}
}

@mastersthesis{jemine2019voicecloning,
  author       = {Jemine, Corentin},
  title        = {Real-Time Voice Cloning},
  school       = {Université de Liège},
  year         = {2019},
  address      = {Liège, Belgique},
  note         = {Unpublished master's thesis},
  url          = {https://matheo.uliege.be/handle/2268.2/6801}
}

@article{ye2025llasa,
  title         = {Llasa: Scaling Train-Time and Inference-Time Compute for Llama-based Speech Synthesis},
  author        = {Zhen Ye and Xinfa Zhu and Chi-Min Chan and Xinsheng Wang and Xu Tan and Jiahe Lei and Yi Peng and Haohe Liu and Yizhu Jin and Zheqi Dai and Hongzhan Lin and Jianyi Chen and Xingjian Du and Liumeng Xue and Yunlin Chen and Zhifei Li and Lei Xie and Qiuqiang Kong and Yike Guo and Wei Xue},
  journal       = {arXiv preprint arXiv:2502.04128},
  year          = {2025},
  url           = {https://arxiv.org/abs/2502.04128},
  archivePrefix = {arXiv},
  eprint        = {2502.04128},
  primaryClass  = {eess.AS}
}

@article{coquitts,
  author       = {Eren Gölge and The Coqui TTS Team},
  title        = {Coqui TTS: A deep learning toolkit for Text-to-Speech},
  year         = {2021},
  version      = {1.4},
  doi          = {10.5281/zenodo.6334862},
  url          = {https://github.com/coqui-ai/TTS},
  note         = {MPL-2.0 License}
}

@misc{metavoice2024,
  author       = {{MetaVoice Team}},
  title        = {MetaVoice-1B: Foundational Model for Human-like, Expressive TTS},
  year         = {2024},
  howpublished = {\url{https://github.com/metavoiceio/metavoice-src}},
  note         = {Accessed: 2025-05-12},
}

@article{Wang2024MMLUPro,
  title         = {MMLU-Pro: A More Robust and Challenging Multi-Task Language Understanding Benchmark},
  author        = {Wang, Yubo and Ma, Xueguang and Zhang, Ge and Ni, Yuansheng and Chandra, Abhranil and Guo, Shiguang and Ren, Weiming and Arulraj, Aaran and He, Xuan and Jiang, Ziyan and Li, Tianle and Ku, Max and Wang, Kai and Zhuang, Alex and Fan, Rongqi and Yue, Xiang and Chen, Wenhu},
  journal       = {arXiv preprint arXiv:2406.01574},
  year          = {2024},
  url           = {https://arxiv.org/abs/2406.01574},
  eprint        = {2406.01574},
  archivePrefix = {arXiv},
  primaryClass  = {cs.CL}
}

@article{Fenogenova2022RussianSuperGLUE,
  title         = {Russian SuperGLUE 1.1: Revising the Lessons not Learned by Russian NLP models},
  author        = {Fenogenova, Alena and Tikhonova, Maria and Mikhailov, Vladislav and Shavrina, Tatiana and Emelyanov, Anton and Shevelev, Denis and Kukushkin, Alexandr and Malykh, Valentin and Artemova, Ekaterina},
  journal       = {arXiv preprint arXiv:2202.07791},
  year          = {2022},
  url           = {https://arxiv.org/abs/2202.07791},
  eprint        = {2202.07791},
  archivePrefix = {arXiv},
  primaryClass  = {cs.CL}
}

@article{Fenogenova2024MERA,
  title         = {MERA: A Comprehensive LLM Evaluation in Russian},
  author        = {Fenogenova, Alena and Chervyakov, Artem and Martynov, Nikita and Kozlova, Anastasia and Tikhonova, Maria and Akhmetgareeva, Albina and Emelyanov, Anton and Shevelev, Denis and Lebedev, Pavel and Sinev, Leonid and Isaeva, Ulyana and Kolomeytseva, Katerina and Moskovskiy, Daniil and Goncharova, Elizaveta and Savushkin, Nikita and Mikhailova, Polina and Dimitrov, Denis and Panchenko, Alexander and Markov, Sergei},
  journal       = {arXiv preprint arXiv:2401.04531},
  year          = {2024},
  url           = {https://arxiv.org/abs/2401.04531},
  eprint        = {2401.04531},
  archivePrefix = {arXiv},
  primaryClass  = {cs.CL}
}

@article{Chiang2024ChatbotArena,
  title         = {Chatbot Arena: An Open Platform for Evaluating LLMs by Human Preference},
  author        = {Chiang, Wei-Lin and Zheng, Lianmin and Sheng, Ying and Angelopoulos, Anastasios Nikolas and Li, Tianle and Li, Dacheng and Zhang, Hao and Zhu, Banghua and Jordan, Michael and Gonzalez, Joseph E. and Stoica, Ion},
  journal       = {arXiv preprint arXiv:2403.04132},
  year          = {2024},
  url           = {https://arxiv.org/abs/2403.04132},
  eprint        = {2403.04132},
  archivePrefix = {arXiv},
  primaryClass  = {cs.AI}
}

@article{Xu2024Libra,
  title         = {Libra: Building Decoupled Vision System on Large Language Models},
  author        = {Xu, Yifan and Yang, Xiaoshan and Song, Yaguang and Xu, Changsheng},
  journal       = {arXiv preprint arXiv:2405.10140},
  year          = {2024},
  url           = {https://arxiv.org/abs/2405.10140},
  eprint        = {2405.10140},
  archivePrefix = {arXiv},
  primaryClass  = {cs.CV}
}

@article{Grattafiori2024Llama3,
  title         = {The Llama 3 Herd of Models},
  author        = {Grattafiori, Aaron and others},
  journal       = {arXiv preprint arXiv:2407.21783},
  year          = {2024},
  url           = {https://arxiv.org/abs/2407.21783},
  eprint        = {2407.21783},
  archivePrefix = {arXiv},
  primaryClass  = {cs.AI}
}

@article{Jiang2023Mistral7B,
  title         = {Mistral 7B},
  author        = {Jiang, Albert Q. and Sablayrolles, Alexandre and Mensch, Arthur and Bamford, Chris and Chaplot, Devendra Singh and de las Casas, Diego and Bressand, Florian and Lengyel, Gianna and Lample, Guillaume and Saulnier, Lucile and Lavaud, Lélio Renard and Lachaux, Marie-Anne and Stock, Pierre and Le Scao, Teven and Lavril, Thibaut and Wang, Thomas and Lacroix, Timothée and El Sayed, William},
  journal       = {arXiv preprint arXiv:2310.06825},
  year          = {2023},
  url           = {https://arxiv.org/abs/2310.06825},
  eprint        = {2310.06825},
  archivePrefix = {arXiv},
  primaryClass  = {cs.CL}
}

@article{Yang2025Qwen3,
  title         = {Qwen3 Technical Report},
  author        = {Yang, An and Li, Anfeng and Yang, Baosong and Zhang, Beichen and Hui, Binyuan and Zheng, Bo and Yu, Bowen and Gao, Chang and Huang, Chengen and Lv, Chenxu and Zheng, Chujie and Liu, Dayiheng and Zhou, Fan and Huang, Fei and Hu, Feng and Ge, Hao and Wei, Haoran and Lin, Huan and Tang, Jialong and Yang, Jian and Tu, Jianhong and Zhang, Jianwei and Yang, Jianxin and Yang, Jiaxi and Zhou, Jing and Zhou, Jingren and Lin, Junyang and Dang, Kai and Bao, Keqin and Yang, Kexin and Yu, Le and Deng, Lianghao and Li, Mei and Xue, Mingfeng and Li, Mingze and Zhang, Pei and Wang, Peng and Zhu, Qin and Men, Rui and Gao, Ruize and Liu, Shixuan and Luo, Shuang and Li, Tianhao and Tang, Tianyi and Yin, Wenbiao and Ren, Xingzhang and Wang, Xinyu and Zhang, Xinyu and Ren, Xuancheng and Fan, Yang and Su, Yang and Zhang, Yichang and Zhang, Yinger and Wan, Yu and Liu, Yuqiong and Wang, Zekun and Cui, Zeyu and Zhang, Zhenru and Zhou, Zhipeng and Qiu, Zihan},
  journal       = {arXiv preprint arXiv:2505.09388},
  year          = {2025},
  url           = {https://arxiv.org/abs/2505.09388},
  eprint        = {2505.09388},
  archivePrefix = {arXiv},
  primaryClass  = {cs.CL}
}

@article{DeepSeekAI2025DeepSeekV3,
  title         = {DeepSeek-V3 Technical Report},
  author        = {{DeepSeek-AI}},
  journal       = {arXiv preprint arXiv:2412.19437},
  year          = {2025},
  url           = {https://arxiv.org/abs/2412.19437},
  eprint        = {2412.19437},
  archivePrefix = {arXiv},
  primaryClass  = {cs.CL}
}

@misc{Gusev2025RULM,
  author       = {Ilya Gusev},
  title        = {rulm: Language Modeling and Instruction Tuning for Russian},
  year         = {2025},
  howpublished = {\url{https://github.com/IlyaGusev/rulm}},
  note         = {GitHub repository (archived on March 9, 2025)},
  url          = {https://github.com/IlyaGusev/rulm}
}

@article{Zmitrovich2023RussianLMs,
  title         = {A Family of Pretrained Transformer Language Models for Russian},
  author        = {Zmitrovich, Dmitry and Abramov, Alexander and Kalmykov, Andrey and Tikhonova, Maria and Taktasheva, Ekaterina and Astafurov, Danil and Baushenko, Mark and Snegirev, Artem and Kadulin, Vitalii and Markov, Sergey and Shavrina, Tatiana and Mikhailov, Vladislav and Fenogenova, Alena},
  journal       = {arXiv preprint arXiv:2309.10931},
  year          = {2023},
  url           = {https://arxiv.org/abs/2309.10931},
  eprint        = {2309.10931},
  archivePrefix = {arXiv},
  primaryClass  = {cs.CL}
}

@article{Tikhomirov2024LEP,
  title         = {Facilitating Large Language Model Russian Adaptation with Learned Embedding Propagation},
  author        = {Tikhomirov, Mikhail and Chernyshev, Daniil},
  journal       = {arXiv preprint arXiv:2412.21140},
  year          = {2024},
  url           = {https://arxiv.org/abs/2412.21140},
  eprint        = {2412.21140},
  archivePrefix = {arXiv},
  primaryClass  = {cs.CL}
}

@article{Nikolich2024Vikhr,
  title         = {Vikhr: The Family of Open-Source Instruction-Tuned Large Language Models for Russian},
  author        = {Nikolich, Aleksandr and Korolev, Konstantin and Bratchikov, Sergei and Kiselev, Igor and Shelmanov, Artem},
  journal       = {arXiv preprint arXiv:2405.13929},
  year          = {2024},
  url           = {https://arxiv.org/abs/2405.13929},
  eprint        = {2405.13929},
  archivePrefix = {arXiv},
  primaryClass  = {cs.CL}
}

@article{Gusev2025PingPong,
  title         = {PingPong: A Benchmark for Role-Playing Language Models with User Emulation and Multi-Model Evaluation},
  author        = {Gusev, Ilya},
  journal       = {arXiv preprint arXiv:2409.06820},
  year          = {2025},
  url           = {https://arxiv.org/abs/2409.06820},
  eprint        = {2409.06820},
  archivePrefix = {arXiv},
  primaryClass  = {cs.CL}
}

@article{Zhao2024WhisperPMFA,
  title         = {Whisper-PMFA: Partial Multi-Scale Feature Aggregation for Speaker Verification using Whisper Models},
  author        = {Zhao, Yiyang and Wang, Shuai and Sun, Guangzhi and Chen, Zehua and Zhang, Chao and Xu, Mingxing and Zheng, Thomas Fang},
  journal       = {arXiv preprint arXiv:2408.15585},
  year          = {2024},
  url           = {https://arxiv.org/abs/2408.15585},
  eprint        = {2408.15585},
  archivePrefix = {arXiv},
  primaryClass  = {cs.SD}
}

@article{Baevski2020Wav2Vec2,
  title         = {wav2vec 2.0: A Framework for Self-Supervised Learning of Speech Representations},
  author        = {Baevski, Alexei and Zhou, Henry and Mohamed, Abdelrahman and Auli, Michael},
  journal       = {arXiv preprint arXiv:2006.11477},
  year          = {2020},
  url           = {https://arxiv.org/abs/2006.11477},
  eprint        = {2006.11477},
  archivePrefix = {arXiv},
  primaryClass  = {cs.CL}
}